<?xml version="1.0" encoding="UTF-8"?><collection xmlns="http://www.loc.gov/MARC21/slim"><record><leader>00358nam--2200121-i-4500</leader><controlfield tag="001">000003253</controlfield><controlfield tag="002">20161230</controlfield><controlfield tag="005">20161230201025</controlfield><controlfield tag="008">060222s1000------------r-----000-0-eng-d</controlfield><datafield ind1=" " ind2=" " tag="245"><subfield code="a">Statistical methods in research and production with special reference to the chemical industry</subfield></datafield><datafield ind1=" " ind2=" " tag="260"><subfield code="a">London, Oliver &amp; Boyd, 1957</subfield></datafield><datafield ind1=" " ind2=" " tag="490"><subfield code="a">X+396p</subfield></datafield><datafield ind1=" " ind2=" " tag="700"><subfield code="a">Davies, Owen L</subfield></datafield></record></collection>